\documentclass{beamer}

\usepackage[utf8]{inputenc}
\usepackage[english]{babel}
\usepackage{graphicx}
\usepackage{amsmath}
\usepackage{amsthm}
\usepackage{xfrac}
\usepackage{float}
\usepackage{amssymb}
\usepackage[font={small}]{caption}
\usepackage{csquotes}
\usepackage{subfig}
\usepackage{booktabs}
\usepackage{tabularx}
\usepackage{float}
\usepackage{titling}
\usepackage{hyperref}
\graphicspath{{figures/}}

\setlength{\parindent}{4em}
\setlength{\parskip}{1em}

\title{\textbf{Missing Data}}
\subtitle{\textbf{An Introduction}}
\author{Marius Johan Franco Dioli}
\date{June 2020}



\begin{document}

\frame{\titlepage}

\begin{frame}
\frametitle{Sample frame title}
This is a text in the first frame. This is a text in the first frame. This is a text in the first frame.
\end{frame}

\end{document}